3117 4642
1581 375 1939 430 ΟΑΒΜΙΝΑ

838 567 1132 632 Praemia
1158 566 1373 630 laudis
1401 566 1629 631 habes:
1673 566 1921 631 victrici
1950 568 2242 650 praemia
2269 567 2470 633 fronti

964 685 1154 749 Parta
1179 684 1399 750 labore
1426 705 1645 750 comas
1671 685 1891 750 laurea
1918 685 2316 751 condecorat.

3084 770 3092 977 -ῌᾼ

837 917 1046 982 Addit
1072 937 1230 980 mox
1258 916 1512 982 animos
1542 922 1608 980 et
1633 916 1800 982 vires
1827 917 1977 981 Sala
2002 917 2337 1001 secundas,

964 1034 1267 1117 Princeps
1293 1055 1562 1099 romano
1593 1035 1838 1099 murice
1865 1037 2279 1118 conspicuus;

836 1265 1120 1348 Auspice
1146 1285 1279 1349 quo
1308 1286 1568 1330 cursum
1601 1266 1869 1347 moliris,
1905 1272 2125 1331 mente
2153 1268 2458 1333 volutans

963 1386 1181 1468 Usque
1210 1391 1326 1450 tua
1352 1386 1519 1450 tanti
1550 1385 1725 1450 dicta
1753 1385 1991 1449 diserta
2020 1386 2237 1450 senis.¹

839 1616 1066 1680 Dulcis
1092 1617 1515 1699 Parthenope,
1555 1617 1999 1681 Beneventum
2031 1616 2184 1681 dein
2213 1622 2405 1700 tenet,
2445 1637 2653 1701 aequa

962 1736 1054 1800 Ut
1078 1737 1216 1817 lege
1244 1737 1562 1818 Hirpinos
1590 1736 1994 1819 imperioque
2021 1756 2217 1818 regas.

963 2085 1295 2150 Rectorem
1326 2091 1521 2168 atque
1550 2085 1783 2151 ducem
1814 2085 2075 2152 vividus
2104 2086 2351 2150 Umber
2377 2086 2624 2151 habet.⁸

837 2315 965 2381 Sed
993 2317 1240 2381 maiora
1267 2323 1559 2382 manent:
1610 2338 1789 2381 sacro
1816 2337 1971 2380 nam
2002 2317 2349 2382 chrismate
2375 2318 2705 2401 inunctus,

836 1967 928 2031 Te
953 1968 1196 2049 gremio
1225 1967 1394 2032 laeta
1423 1967 1752 2049 excipiens
1779 1968 2068 2031 Turrena
2084 1968 2105 2000 ³
2133 1968 2398 2048 salutat3

961 2434 1293 2499 Pontificis
1323 2439 1509 2517 nutu,
1550 2434 1803 2516 Belgica
1833 2456 2027 2517 regna
2058 2436 2244 2517 petis,

835 2667 1051 2749 Atque
1078 2671 1274 2746 tenes,
1312 2665 1684 2731 adserturus
1712 2665 2115 2730 sanctissima
2143 2667 2316 2732 Petri

963 2785 1294 2848 Romanae
1322 2789 1387 2848 et
1412 2784 1567 2848 fidei
1597 2784 1840 2849 credita
1865 2785 2009 2848 iura
2036 2785 2210 2849 tibi.⁴

836 3015 1154 3081 Redditus
1181 3022 1250 3080 at
1287 3016 1549 3099 patriae,
1588 3016 1871 3079 brumali
1900 3037 1935 3080 e
1962 3016 2176 3079 littore
2203 3017 2420 3081 iussus

957 3133 1285 3200 Ausoniae
1312 3135 1511 3199 laetas
1540 3140 1605 3199 et
1632 3155 1911 3198 remeare
1938 3135 2185 3218 plagas;
3085 3052 3092 3189 1

802 3350 842 3403 ²)
857 3347 1031 3401 Ioseph
1055 3349 1297 3392 Antonius
1321 3348 1433 3393 Sala
1457 3348 1728 3392 cardinalis
1752 3348 1985 3401 peculiari
2019 3350 2364 3393 benevolentia
2395 3350 2755 3395 adolescentem

747 3416 1098 3469 complectitur,
1118 3419 1169 3461 et
1183 3416 1479 3470 sapientibus
1495 3417 1695 3460 monitis
1711 3420 1759 3460 et
1777 3417 1991 3460 consiliis
2016 3417 2279 3471 plurimum
2295 3417 2447 3462 iuvat,

801 3520 847 3572 ⁸)
859 3518 1055 3563 Perusia
1071 3529 1102 3560 a
1119 3518 1340 3572 turribus,
1358 3518 1534 3572 quibus
1549 3519 1873 3571 muniebatur,
1893 3520 2027 3563 dicta
2042 3524 2115 3563 est
2130 3521 2356 3563 Tim-ena.

801 3623 841 3676 ⁸)
855 3622 1040 3665 Laurea
1072 3619 1309 3665 doctorali
1344 3621 1618 3674 insignitus,
1651 3625 1758 3675 post
1790 3624 2065 3675 susceptum
2098 3622 2433 3675 sacerdotium,
2461 3632 2494 3665 a
2526 3622 2753 3675 Gregorio

749 3691 865 3735 ΠΙ
891 3691 940 3734 Ρ.
960 3690 1025 3733 Μ.
1045 3689 1173 3733 inter
1188 3690 1426 3733 antistites
1449 3691 1662 3733 urbanos
1687 3691 1859 3733 domus
1885 3691 2177 3734 Pontificalis
2194 3690 2479 3733 adsciscitur
2493 3702 2536 3733 a.
2557 3694 2671 3745 1837,
2690 3702 2752 3736 ac

747 3760 915 3813 postea
930 3757 1288 3811 provinciarum
1306 3758 1678 3802 Beneventanae
1695 3762 1745 3802 et
1762 3758 2017 3802 Perusinae
2034 3758 2325 3810 gubernator
2340 3759 2662 3804 constituitur.
3078 3696 3092 3859 ἑ

796 3860 921 3915 ,4)111
954 3869 1088 3904 sacro
1130 3859 1424 3904 concistorio
1455 3860 1627 3903 habito
1664 3860 1745 3903 die
1777 3862 1829 3903 27
1871 3860 2086 3903 Ianuarii
2118 3870 2163 3903 a.
2198 3862 2312 3910 1843.
2351 3861 2752 3915 Archiepiscopus
3085 3864 3092 3981 q

747 3927 1068 3973 Damlatensis
1084 3927 1291 3982 eligitur,
1311 3931 1361 3972 et
1377 3928 1682 3982 apostolicae
1699 3928 1833 3972 Sedis
1848 3928 2059 3972 Nuntius
2076 3928 2140 3970 ad
2156 3928 2327 3980 Belgas
2342 3928 2567 3973 mittitur.

1712 4015 1778 4066 66
