3117 4642
1301 365 1364 417 N
1365 365 1556 421 OTES

413 466 2417 512 ————————————*—-—-———————.=

413 571 524 625 Leo
545 571 646 637 X„
669 571 776 625 and
799 571 908 625 will
942 572 1106 627 brool<
1130 575 1481 643 comparison,
1506 575 1576 628 he
1599 576 1804 644 thinks,
1827 576 1955 631 with
1985 578 2080 631 but
2102 585 2204 631 two
2226 578 2422 646 hymns

414 658 475 710 of
503 656 623 710 that
644 673 763 724 age,
786 657 937 711 those
957 659 1030 726 by
1050 659 1374 713 Sannazzaro
1409 660 1466 713 in
1490 660 1661 713 honor
1681 662 1743 713 of
1762 661 1839 715 St.
1868 660 2167 716 Gaudiosns
2198 663 2303 716 and
2338 663 2414 717 St.

397 741 687 795 'Nasu-ius.
760 742 851 796 He
873 751 1059 811 quotes
1080 744 1164 797 sor
1183 745 1380 813 special
1402 754 1668 799 comment
1690 746 1783 800 the
1805 754 1997 800 stanna:

1014 893 1194 935 Furens
1212 893 1473 936 Getharum
1492 894 1555 937 ab
1572 893 1747 946 algidis

1113 961 1350 1002 Devectus
1369 961 1465 1002 oris
1480 960 1642 1003 'rotila

1111 1027 1282 1070 Turres
1299 1027 1462 1070 Perunl
1479 1029 1529 1070 et
1543 1028 1741 1072 moenia

1114 1094 1264 1138 Hoste
1280 1095 1532 1139 obsidebat
1547 1095 1765 1147 barbaro.

412 1229 720 1297 comparing
755 1230 849 1283 the
882 1230 1174 1285 admirable
1207 1232 1526 1300 portraiture
1552 1231 1622 1301 (“
1640 1233 2063 1301 pennelleggiato
2096 1251 2129 1286 a
2160 1233 2421 1302 meravig·

411 1313 573 1380 lia”)
601 1315 661 1367 of
678 1314 856 1367 Totila
879 1315 1006 1368 with
1032 1316 1149 1370 that
1172 1317 1233 1369 of
1259 1316 1618 1384 Herculanus,
1644 1317 1845 1370 framed
1879 1317 1934 1369 in
1958 1318 2105 1372 these
2127 1318 2280 1387 rapid
2312 1316 2420 1371 and

412 1398 677 1465 energetic
700 1399 945 1453 iambica:

1011 1518 1198 1562 Ardens
1215 1521 1265 1562 et
1281 1528 1378 1563 ore:
1411 1521 1440 1541 ‘⁰
1453 1528 1539 1571 pro
1555 1518 1653 1563 fide

1112 1587 1327 1639 Pugnate
1344 1586 1492 1635 avita.
1510 1586 1625 1629 filu:

1113 1654 1223 1695 Dux
1250 1653 1353 1706 ipse
1368 1657 1541 1698 vester:
1568 1653 1769 1696 Numinl

1107 1721 1303 1764 Servate
1321 1720 1504 1773 templa
1520 1724 1570 1764 et
1594 1721 1815 1773 patriam.

478 1856 569 1909 He
592 1864 776 1924 quotes
797 1856 926 1910 with
950 1857 1295 1925 approbation
1322 1858 1413 1911 the
1435 1858 1781 1926 penultimate
1802 1866 1999 1911 stanza:

1013 2008 1212 2051 Laetare
1230 2008 1430 2051 Etrusca
1447 2007 1620 2051 civitas

1111 2076 1267 2118 Tanta
1283 2075 1522 2127 refulgens
1545 2075 1715 2128 gloria:

1111 2143 1291 2187 Attolle
1309 2146 1504 2186 centum
1521 2143 1730 2194 gestiens

1112 2212 1267 2263 caput
1282 2211 1511 2254 decorum
1526 2210 1766 2254 turribus!

480 2345 545 2397 In
584 2363 618 2397 a
657 2346 799 2399 brief
830 2347 926 2400 but
964 2348 1261 2415 admirably
1297 2347 1504 2400 written
1538 2347 1777 2401 estimato
1811 2347 1871 2412 of
1898 2346 1991 2400 the
2025 2347 2216 2415 Pope's
2248 2364 2414 2412 muse,

413 2428 612 2483 Father
632 2431 813 2495 Valle,
838 2431 890 2485 S.
919 2431 958 2484 J
962 2470 1000 2498 .‚
1024 2432 1215 2499 spends
1249 2440 1344 2496 not
1365 2449 1399 2484 a
1421 2432 1560 2485 little
1584 2431 1737 2485 effort
1758 2432 1815 2483 in
1837 2431 2118 2499 analyzing
2152 2431 2244 2484 the
2265 2431 2417 2485 three

411 2531 604 2582 poema.
679 2515 783 2569 We
802 2516 926 2583 give
949 2517 1006 2568 in
1040 2517 1142 2569 full
1177 2516 1262 2569 his
1296 2525 1576 2570 treatment
1598 2517 1658 2569 of
1676 2516 1784 2568 this
1806 2516 1994 2583 hymn:
2029 2517 2067 2542 “
2086 2515 2337 2582 Hymnus
2368 2533 2412 2569 s.

413 2598 707 2654 Herculani
729 2608 808 2654 est
830 2610 1019 2654 natura
1041 2600 1341 2667 historicae,
1359 2601 1664 2667 vehemem,
1682 2600 1818 2653 mira
1838 2600 2097 2653 varietate
2118 2608 2415 2667 contextus,

411 2684 524 2738 sive
540 2702 660 2738 cum
683 2686 750 2738 ob
763 2686 941 2739 oculos
963 2686 1114 2754 ponit
1130 2687 1330 2740 furores
1346 2685 1696 2739 crudelissimi
1719 2685 1927 2739 Totilae
1943 2685 2232 2739 obsidentis
2254 2685 2418 2738 Peru-

410 2771 563 2838 siam,
584 2779 940 2839 terroremque
956 2772 1292 2840 popularium
1317 2772 1382 2824 ab
1406 2771 1707 2825 imminenti
1729 2772 1875 2823 urbis
1896 2771 2127 2836 excidio3
2159 2770 2272 2824 sive
2294 2787 2417 2823 cum

411 2855 776 2909 Herculanum
811 2856 1058 2910 describit
1089 2857 1270 2910 animo
1303 2856 1654 2924 impavidum,
1678 2864 1731 2909 et
1754 2863 1962 2909 ruentes
1995 2856 2051 2908 in
2082 2871 2231 2907 arma
2252 2854 2414 2923 cives,

411 2956 543 3007 quos
575 2940 646 2993 ad
679 2941 882 3009 patriae
915 2940 1135 2994 tutelam
1168 2941 1462 2994 Herculani
1495 2957 1600 2993 vox
1636 2939 1962 2993 excitaverit.
2037 2938 2186 2993 Hinc
2218 2938 2416 2992 diversi

411 3025 709 3079 animorum
743 3035 935 3092 motus3
969 3043 1193 3095 quorum
1226 3026 1322 3078 alii
1357 3026 1520 3079 anxia
1542 3025 1769 3094 quadem
1793 3024 2145 3093 trepidatione
2166 3025 2415 3078 lectorem

410 3109 786 3177 comprimunt,
805 3110 900 3163 alii
924 3111 1135 3178 erigunt
1155 3128 1248 3178 spe
1265 3110 1578 3179 optatissimi
1602 3110 1797 3164 exitus.
1816 3110 1909 3177 qui
1928 3109 2193 3176 egregiam
2216 3108 2417 3162 civium

411 3194 682 3247 audaciam
719 3203 772 3248 et
804 3195 1152 3248 constantiam
1190 3194 1453 3248 secundet.
1527 3194 1648 3247 Nisi
1685 3194 1827 3261 quod
1866 3193 2007 3246 tristi
2046 3200 2237 3246 eventu
2276 3192 2419 3245 subit

412 3278 540 3332 hinc
562 3278 809 3332 Perusiae
831 3296 998 3345 casus,
1022 3296 1181 3347 quam
1215 3296 1321 3332 non
1356 3278 1589 3331 hostium
1612 3278 1781 3330 virtus
1814 3276 2099 3346 prostravit
2127 3275 2219 3330 sed
2241 3275 2410 3342 dolus,

412 3362 539 3415 hinc
562 3362 856 3417 Herculani
877 3363 1081 3429 caedes,
1106 3362 1198 3431 qui
1233 3380 1331 3431 pro
1363 3363 1531 3416 salute
1564 3378 1776 3415 suorum
1810 3361 2020 3414 barbari
2053 3360 2191 3428 regis
2211 3359 2417 3414 acinaci

412 3446 815 3515 praecidendam
848 3447 1106 3501 cervicem
1141 3447 1349 3500 obtulit.
1423 3448 1500 3499 At
1521 3463 1649 3499 vero
1682 3445 1750 3497 ab
1784 3445 1886 3498 hoc
1919 3444 2130 3512 lugubri
2153 3461 2213 3497 ac
2236 3444 2419 3496 miser-

411 3532 551 3585 ando
575 3549 748 3585 rerum
772 3531 1020 3600 adspectu
1044 3532 1238 3600 raptim
1259 3532 1350 3599 (ut
1371 3531 1658 3600 lyricorum
1682 3547 1796 3583 mos
1818 3529 1923 3597 est)
1944 3529 2182 3581 animum
2204 3527 2416 3581 extollit

413 3625 577 3679 vates,
596 3616 880 3685 oculosque
901 3617 957 3668 in
980 3616 1346 3670 Herculanum
1369 3616 1600 3669 intendit
1633 3614 1738 3667 iam
1762 3613 2066 3682 sempiterni
2100 3612 2220 3666 aevi
2252 3611 2419 3665 beati-

411 3709 522 3755 tate
543 3701 793 3770 potitum3
828 3718 961 3768 quos
981 3701 1108 3754 inde
1130 3700 1198 3754 ad
1222 3700 1492 3754 Perusiam
1517 3699 1771 3764 declinat,
1795 3698 2014 3752 caelitus
2046 3697 2186 3751 beati
2220 3713 2417 3750 noven-

412 3786 528 3840 silis
571 3787 923 3855 patrocinium
962 3786 1047 3839 illi
1082 3787 1396 3854 gratulatur,
1437 3785 1784 3853 hortaturque
1820 3801 1889 3837 ne
1923 3784 1990 3837 ab
2026 3782 2256 3837 invictae
2291 3781 2417 3835 fidei

411 3871 757 3938 documentis,
782 3888 919 3940 quae
940 3871 1278 3924 Herculanus
1298 3870 1560 3939 praebuit,
1585 3868 1923 3936 degeneret.”

1363 3974 1460 4026 279
