3117 4642
1573 440 1929 496 (mmmm

829 678 922 742 Te
949 697 1032 740 ne
1059 697 1174 758 ego
1203 675 1474 740 sublimi
1502 675 1727 739 sileam
1759 673 2108 739 metuende
2136 674 2410 756 flagello,

999 793 1298 859 Carmine
1326 813 1518 875 saepe
1546 812 1782 856 ausum
1811 791 2084 874 grandia
2109 791 2449 874 pindarico
2465 792 2498 854 ἰ’

833 1041 1068 1123 Patria,
1105 1060 1339 1123 magne
1366 1060 1585 1120 senex,
1622 1045 1687 1103 te
1716 1039 2021 1103 Insubris
2048 1038 2217 1104 vidit
2245 1045 2564 1121 egentem:

1000 1159 1264 1224 Vindex
1292 1160 1634 1241 posteritas
1663 1165 1727 1223 te
1754 1179 1950 1241 super
1977 1165 2149 1222 astra
2175 1158 2389 1223 locat.¹

835 1406 897 1469 N
900 1395 1012 1470 eve
1040 1404 1512 1486 tragoedorum,
1549 1403 1776 1486 genuit
1802 1423 1967 1486 quos
1994 1403 2153 1466 itala
2180 1403 2390 1484 tellus,

1000 1523 1057 1587 Ο
1087 1521 1284 1586 decus
1313 1527 1378 1585 et
1405 1528 1634 1585 vatum
1664 1522 1972 1601 maxime,
2010 1527 2075 1585 te
2103 1521 2348 1584 sileam.

836 1768 898 1831 N
900 1786 1136 1850 amque
1163 1766 1550 1830 cothurnato
1580 1766 1827 1830 incedis
1853 1766 2157 1830 sublimis
2186 1773 2250 1830 et
2277 1786 2437 1848 acer,

1003 1886 1090 1951 Et
1116 1891 1260 1949 tuto
1290 1885 1497 1949 calcas
1525 1885 1786 1968 pulpita
1813 1892 2033 1950 nostra
2060 1885 2241 1968 pede,

835 2132 1106 2214 Spirans
1134 2151 1243 2194 ore
1271 2130 1484 2194 minas
1493 2152 1509 2210 ;
1558 2130 2077 2212 Sophoclemque
2106 2150 2141 2193 e
2168 2130 2386 2195 littore
2411 2130 2590 2212 graio

1004 2245 1445 2330 Spectandum
1477 2246 1789 2310 Ausoniis
1817 2253 2037 2311 mente
2064 2247 2414 2329 animoque
2443 2246 2690 2312 refers.¹

836 2493 1109 2573 Salvete,
1146 2491 1428 2555 illustres
1456 2492 1734 2571 animae,
1771 2491 1956 2574 queis
1984 2491 2205 2555 nobile
2231 2492 2302 2554 in
2331 2512 2588 2571 aevum,

1008 2611 1094 2673 Et
1120 2608 1255 2673 fato
1284 2610 1498 2674 maius
1527 2630 1766 2673 nomen
1800 2610 2037 2692 Apollo
2065 2608 2263 2673 dedit.

842 2855 976 2920 Vos
1005 2856 1195 2920 divae
1223 2853 1510 2918 Aonides
1539 2854 1733 2919 vultu
1760 2854 2112 2937 adspexere
2141 2875 2380 2936 serem,

1009 2973 1293 3037 Maeonii
1323 2979 1388 3036 et
1414 2973 1636 3037 doctos
1665 2973 1970 3038 carminis
1998 2979 2150 3055 arte,
2187 2993 2367 3037 sacro

839 3217 1095 3282 Vertice
1122 3238 1237 3281 vos
1268 3217 1480 3298 Pindi,
1516 3217 1738 3281 laurea
1765 3218 2046 3283 cinxisse
2074 3239 2326 3300 corona,

1008 3335 1298 3399 Concilio
1327 3341 1391 3399 et
1418 3335 1705 3417 gaudent
1731 3335 2075 3400 inseruisse
2103 3357 2240 3401 suo.

840 3580 1063 3646 Gloria
1089 3601 1221 3644 non
1250 3579 1565 3645 mendax:
1610 3581 1889 3646 victricis
1919 3582 2208 3664 praemia
2234 3581 2488 3646 frontis:

1006 3699 1284 3781 Magnus
1311 3698 1396 3762 ab
1424 3699 1719 3765 arcadico
1748 3699 2015 3762 nomine
2043 3705 2267 3782 partus
2297 3699 2519 3763 honos.

1110 3966 1149 4017 ι)
1175 3965 1408 4019 Iosephus
1427 3965 1661 4009 Par-lmus.
1845 3964 1885 4017 ¹)
1913 3963 2157 4008 Victorius
2172 3964 2405 4009 Amerlus.

1251 4065 1256 4070 ·
1712 4053 1806 4104 184
