3117 4642
1596 379 1947 433 GARMJNA

770 618 1141 683 Occubuere
1170 618 1413 698 hoetee3
1457 638 1848 701 rursumque
1875 619 2120 684 effulsit
2147 622 2323 685 avita

940 737 1233 801 Pulcrior
1260 738 1329 800 in
1360 737 1567 801 Gallis
1597 737 2061 821 candidiorque
2088 738 2266 804 fides,

773 936 998 1001 Testor
1026 943 1090 1001 et
1121 937 1325 1001 Ioniis
1353 957 1516 1020 quae
1545 937 1752 1001 cernis
1782 938 2131 1002 Echinadas
2157 937 2378 1002 undis:

939 1054 1178 1120 Vivida
1206 1054 1425 1119 adhuc
1451 1054 1605 1119 facti
1634 1054 1810 1118 fama
1838 1075 1953 1137 per
1980 1076 2089 1120 ora
2117 1056 2311 1121 volat.

772 1255 964 1319 Stant
994 1274 1075 1318 ex
1105 1253 1371 1318 adverso
1400 1254 1750 1318 instructae
1777 1253 1970 1336 longo
1992 1254 2216 1320 ordine
2243 1276 2517 1338 puppes,

941 1372 1022 1435 In
1055 1392 1245 1436 saeva
1273 1371 1619 1436 ardescunt
1646 1372 1890 1455 praelia
1918 1372 2053 1435 iam
2082 1393 2280 1438 ruere.

777 1571 1065 1653 Utraque
1092 1570 1213 1635 fert
1242 1570 1408 1635 aciee
1437 1571 1723 1653 signum3
1768 1571 1929 1635 haec
1956 1572 2222 1636 caeleste
2248 1572 2546 1652 MAmAn,

942 1690 1165 1752 Lunae
1194 1690 1375 1753 triete
1403 1690 1632 1752 minax
1662 1690 1777 1752 ina
1806 1689 2086 1754 bicornis
2114 1690 2332 1753 habet:

772 1887 864 1950 Ut
892 1907 1121 1950 raucae
1148 1906 1420 1951 sonuere
1450 1887 1665 1969 tubae,
1703 1888 2128 1969 concurritur3
2174 1888 2398 1969 ingens

944 2005 1268 2069 Continuo
1298 2005 1382 2068 ad
1412 2005 1572 2068 caeli
1599 2004 1853 2069 tollitur
1880 2012 2049 2069 astra
2076 2005 2301 2088 fragor.

775 2207 944 2268 Aera
975 2211 1222 2284 tonant,
1260 2203 1481 2268 reboat
1511 2204 1687 2286 litus,
1725 2204 1925 2268 micat
1950 2204 2211 2285 ignibus
2240 2224 2505 2286 aequor3

945 2322 1273 2405 Impavidi
1304 2323 1428 2387 hac
1455 2323 1606 2386 illac
1635 2322 1797 2386 dant
1822 2322 1957 2387 fera
1984 2323 2161 2388 iussa
2189 2323 2402 2388 duces.

776 2521 1113 2586 Confracto
1142 2522 1338 2585 latere
1367 2528 1430 2585 et
1457 2522 1653 2585 remis
1681 2542 1814 2585 non
1844 2541 1978 2585 una
2006 2521 2282 2587 dehiscit

946 2637 1163 2719 Navia,
1204 2643 1267 2701 et
1293 2638 1598 2701 immensi
1627 2638 1897 2719 gurgitis
1926 2638 2060 2700 ima
2088 2638 2268 2721 petit.

776 2835 1025 2900 Iactata
1054 2835 1390 2900 horrisono
1419 2843 1800 2918 merguntur
1828 2856 2093 2918 corpora
2130 2842 2350 2918 ponte,

943 2955 1257 3018 Humano
1287 2975 1602 3037 spumans
1631 2955 1811 3018 unda
1838 2974 2061 3019 cruore
2089 2955 2293 3019 rubet.

771 3155 1033 3236 Anceps
1071 3160 1198 3218 etat
1225 3153 1510 3218 fortuna:
1556 3155 1699 3236 pari
1731 3155 1968 3218 virtute
1994 3159 2267 3236 peracta,

941 3273 1120 3336 Hinc
1147 3272 1301 3337 inde
1330 3277 1566 3337 eventu
1603 3292 1824 3355 pugna
1850 3271 2079 3337 iterata
2106 3272 2265 3354 pari.

781 3477 1055 3558 Iamque
1084 3475 1322 3540 iterum
1353 3473 1665 3539 tentanda
1694 3472 1879 3553 acies,
1917 3492 2066 3537 cum
2098 3472 2339 3555 percita.
2367 3470 2502 3535 fato

945 3595 1174 3659 Nescio
1203 3613 1334 3675 quo
1364 3592 1584 3656 classis
1613 3592 1898 3666 Tui-oica,
1936 3590 2214 3654 sollicito

779 3794 975 3859 Pulsa
1003 3797 1265 3875 repente
1293 3797 1491 3871 metu,
1530 3788 1764 3871 refugit
1791 3789 2142 3872 producere
2172 3807 2477 3871 pugnam,

947 3911 1032 3974 Et
1059 3909 1358 3990 quamvis
1401 3906 1613 3970 multo
1643 3907 1852 3971 milite
1880 3905 2268 3988 praevalida,

1729 4026 1829 4078 162
