3117 4642
1583 452 1933 507 CARMINA

839 667 1022 730 Talia
1049 687 1134 730 ne
1160 671 1398 730 temere
1428 664 1665 748 vulgus
1694 665 1901 729 ridere
1928 666 2273 748 profanum

1009 786 1217 866 Ausit,
1256 805 1384 848 neu
1412 784 1622 849 livens
1650 784 1943 848 mordeat
1970 784 2236 848 invidia.

841 1015 1152 1080 Arcadiae
1182 995 1481 1080 atdiseat
1509 1016 1639 1079 late
1667 1015 2105 1097 splendescere
2132 1015 2334 1096 sidus,

1007 1135 1092 1197 Et
1118 1133 1364 1216 fulgore
1394 1154 1512 1198 suo
1541 1134 1789 1216 templa
1819 1139 2034 1197 tenere
2062 1133 2216 1216 poli.

839 1364 1214 1447 Splendeat;
1246 1365 1445 1447 inque
1474 1364 1613 1428 dies
1642 1364 1900 1428 radians
1929 1364 2049 1428 lux
2077 1364 2148 1427 in
2177 1363 2328 1444 iuga
2356 1363 2571 1446 Pindi,

1007 1483 1087 1546 In
1117 1503 1384 1546 nemora
1413 1490 1475 1546 et
1503 1482 1698 1546 colles
1728 1482 1964 1564 largior
1991 1501 2197 1564 usque
2226 1481 2405 1545 fluat.

839 1715 1020 1777 Haec
1048 1734 1225 1778 sacra
1256 1713 1586 1777 Pieridum
1620 1714 1798 1777 sedes
1810 1736 1824 1793 ;
1869 1714 1977 1776 hic
2007 1733 2144 1776 rore
2172 1713 2440 1795 perenni

1004 1832 1267 1896 Castalii
1297 1832 1517 1896 latices
1547 1832 1806 1914 plenius
1836 1851 1990 1896 arva
2017 1832 2242 1914 rigant.

838 2064 982 2126 Hos
1010 2064 1270 2127 haurire
1300 2062 1526 2126 datum
1560 2062 1945 2143 Arcadibus3
1991 2072 2228 2126 cantare
2247 2063 2467 2145 per-120⁸

1003 2183 1299 2264 Arcadas,
1339 2182 1550 2246 edixit
1578 2182 1911 2246 maximus
1942 2202 2049 2245 ore
2077 2180 2305 2245 Mar0.¹

838 2414 991 2477 Huc
1021 2421 1382 2496 properent,
1421 2413 1622 2476 libeat
1650 2433 1763 2476 seu
1793 2412 2062 2495 grandia
2089 2412 2255 2476 facta
2284 2412 2625 2494 cothurno,

1002 2533 1129 2596 Seu
1160 2552 1386 2597 canere
1413 2537 1641 2615 arguta
1670 2552 1929 2615 pascua,
1967 2552 2134 2612 rura,
2171 2531 2378 2614 chely.

839 2763 1178 2827 Pulchrior
1205 2764 1289 2827 oh
1322 2763 1585 2827 tandem
1616 2764 1827 2845 vigeat
1856 2763 2081 2827 divina
2112 2762 2344 2840 Poaeis,

1004 2881 1104 2945 Ad
1140 2883 1334 2946 decus
1365 2889 1426 2945 et
1455 2883 1699 2964 graiam
1731 2882 1982 2947 reddita
2010 2881 2428 2945 munditiem!

834 3112 938 3177 Oh
970 3112 1231 3177 tandem
1264 3114 1565 3177 ausonias
1596 3113 1825 3176 misere
1854 3113 2155 3177 devectus
2183 3112 2264 3176 ad
2296 3133 2455 3193 oras,

1002 3230 1252 3312 Fallax,
1291 3232 1637 3295 barbaricus
1665 3232 1985 3314 dispereat
2010 3234 2334 3296 ‘numeru-3!

834 3462 1016 3526 Haec
1045 3481 1397 3526 HERACLEA
1430 3461 1642 3525 dictus
1672 3463 1752 3526 de
1780 3469 1967 3541 gente
1996 3463 2325 3525 NEANDER

1002 3580 1354 3663 Nuncupat
1382 3580 1744 3645 Arcadibus
1773 3587 1924 3645 vota
1952 3600 2255 3662 suprema
2284 3600 2501 3644 senex.

826 3777 865 3828 ¹)
1317 3776 1588 3827 cantabitis.
1610 3776 1833 3829 Arcades,
1852 3776 2026 3829 inquit.

1025 3843 1272 3886 Montibus
1289 3844 1409 3886 haec
1429 3843 1609 3896 vesu-is,
1630 3843 1719 3885 soli
1737 3846 1933 3887 eantare
1950 3842 2091 3895 periti

1023 3910 1281 3953 Arcades-
1597 3978 1762 4030 (vnto.
1784 3978 1875 4021 Bel.
1897 3988 1946 4020 x.
1966 3988 2012 4020 V.
2031 3979 2097 4028 81,
2116 3977 2202 4030 82).

1699 4064 1795 4116 186
