3117 4642
1620 351 1978 407 manu

1049 691 1184 756 Vae
1209 690 1549 773 segregatis
1578 689 1867 754 Numine
1894 687 2169 770 legibus!

1047 810 1234 886 Quae
1260 809 1368 873 lex
1396 808 1673 890 honesti,
1709 827 1877 891 quae
1903 814 2195 890 superest
2221 807 2382 872 fides
2398 808 2431 871 ยน?

1135 928 1196 992 N
1200 933 1408 1008 utant,
1445 925 1644 991 semel
1671 926 1975 989 submota
2000 924 2087 990 ab
2113 925 2259 1007 sris,

1219 1047 1438 1129 Atque
1463 1051 1669 1109 ruunt
1693 1043 2008 1108 labefacta
2035 1043 2195 1108 iura.

1053 1246 1320 1312 Auditis
1335 1247 1368 1310 โธ?
1408 1245 1592 1310 effert
1617 1246 1827 1329 impia
1852 1246 2146 1310 conscius

1058 1364 1455 1452 Insanientis
1480 1386 1637 1448 grex
1666 1365 2042 1447 sapientiae3

1143 1485 1510 1566 Brutusque
1537 1488 1809 1547 naturae
1835 1503 2216 1566 supremum

1227 1604 1475 1668 Nititur
1501 1603 1849 1668 asseruisse
1873 1623 2139 1667 numen.

1063 1804 1333 1868 Nostrae
1360 1823 1736 1886 supremam
1763 1803 1971 1884 gentis
2001 1802 2309 1885 originem

1064 1920 1344 1985 Fastidit
1372 1941 1621 2001 exoors5
1667 1920 2158 2002 dissociabilem,

1147 2039 1429 2104 Umbras
1456 2040 1683 2104 inanes
1711 2045 1929 2103 mente
1955 2045 2241 2123 captans,

1231 2158 1516 2240 Stirpem
1545 2158 1898 2221 hominum
1925 2158 2380 2242 pecudumque
2409 2159 2659 2223 miscet.

1071 2359 1225 2423 Heu
1254 2376 1452 2441 quam
1484 2357 1792 2440 probroso
1819 2358 2070 2439 gurgite
2096 2358 2380 2422 volvitur

1069 2475 1187 2539 Vis
1215 2474 1595 2557 impotentis
1622 2495 1808 2539 oseca
1834 2474 2191 2557 superbiae,

1152 2594 1429 2674 Servate,
1466 2593 1788 2675 mortales,
1826 2594 1894 2655 in
1926 2585 2119 2657 omrie

1240 2712 1429 2776 Iussa
1458 2712 1582 2776 Dei
1610 2711 1960 2775 metuenda
1988 2718 2263 2793 tempus.

1076 2911 1208 2988 Qui
1234 2913 1360 2975 vita
1387 2911 1583 2992 solus,
1620 2917 1918 2993 certaque
1944 2914 2173 2990 veritas,

1077 3033 1207 3108 Qui
1239 3039 1409 3097 recta
1437 3037 1502 3097 et
1527 3052 1662 3095 una
1690 3038 1787 3095 est
1813 3031 1898 3095 ad
1925 3032 2204 3115 Superos
2232 3034 2351 3114 via,

1161 3152 1230 3216 Is
1258 3151 1522 3216 reddere
1548 3151 1635 3215 ad
1664 3157 1891 3215 votum
1922 3151 2197 3215 fluentes

1245 3269 1601 3351 Terrigenis
1629 3269 1802 3333 valet
1830 3289 2002 3333 unus
2031 3289 2252 3333 anuos.

1080 3493 1306 3574 Nuper
1333 3495 1613 3553 sacratos
1640 3488 1725 3552 ad
1754 3487 1997 3551 cineres
2027 3487 2197 3551 Petri

1082 3609 1330 3675 Turbes
1359 3607 1619 3690 piorum
1649 3612 1871 3670 sancta
1898 3606 2259 3687 petentium

1169 3729 1237 3793 Is
1266 3728 1406 3810 ipse
1434 3725 1627 3789 duxit
1637 3746 1653 3806 3
1696 3744 1831 3788 non
1859 3724 2055 3787 inane

1253 3843 1645 3927 Auspicium
1674 3842 1880 3924 pietas
1909 3861 2261 3906 renascens.

1787 3959 1885 4011 226
