3117 4642
1577 312 1935 366 GARJHNA

857 613 952 676 Ne
979 612 1139 676 siser
1165 611 1432 691 inficiat,
1470 631 1553 675 ne
1580 610 1832 674 faecula
1858 631 1975 674 coa
2003 612 2104 676 vel
2135 611 2383 676 alec.—

855 731 1046 794 Nune
1073 750 1189 812 age
1197 752 1214 810 ;
1255 729 1599 812 provideas
1626 730 1810 793 tereti
1838 729 2067 793 defusa
2094 731 2329 810 castae,

859 850 955 912 Ne
983 849 1150 912 desit
1177 870 1438 913 mensae
1464 849 1836 932 spumantis
1863 849 2051 931 copia
2077 849 2280 912 lactis.

857 970 968 1033 Nil
995 969 1193 1034 vitale
1221 970 1448 1050 magis,
1487 969 1583 1031 nil
1612 969 1777 1032 lacte
1804 970 2155 1050 salubrius;
2198 969 2417 1033 infans

857 1089 989 1164 Qui
1019 1088 1118 1151 lac
1146 1088 1402 1169 suxisti,
1441 1088 1655 1151 senior
1682 1087 1847 1151 bene
1872 1087 2037 1151 lacte
2064 1088 2326 1153 valebis.
2342 1125 2425 1134 —

860 1205 1276 1285 Degustanda
1304 1204 1505 1269 simul
1535 1203 1748 1287 profer
1775 1203 2153 1269 dulcissima
2180 1205 2403 1286 mella3

857 1325 1165 1386 Attamen
1197 1322 1476 1405 hyblaeo
1503 1344 1740 1405 parcns
1769 1323 1849 1387 de
1878 1329 2131 1387 nectare
2158 1324 2405 1386 liba.—

855 1442 1026 1504 Tum
1057 1441 1325 1505 laudata
1352 1441 1473 1505 tibi
1504 1442 1639 1505 sint
1666 1458 1791 1505 ova
1818 1441 2114 1522 recentia,
2151 1461 2419 1505 succum

857 1560 1019 1622 Leni
1049 1560 1197 1640 igne
1225 1566 1342 1623 aut
1369 1560 1569 1623 libeat
1598 1560 1874 1624 modicis
1901 1560 2138 1624 siccare
2166 1561 2439 1643 patellis,

856 1681 1094 1760 Sugere
1122 1700 1235 1742 seu
1268 1679 1535 1743 mollem
1568 1679 1764 1762 pleno
1792 1680 1879 1743 sit
1904 1680 2150 1761 gratius
2178 1701 2287 1743 ore
2294 1703 2311 1760 ;

861 1798 1230 1880 Utcumque
1257 1798 1564 1862 absnmas
1594 1798 1714 1861 erit
1742 1798 1925 1863 utilis
1953 1819 2094 1862 esca
2122 1798 2432 1862 saluti.—

858 1915 1050 1979 Culta
1079 1915 1473 1995 suburbano,
1512 1916 1825 1997 riguoque
1853 1915 2131 1979 virentia
2157 1916 2227 1978 in
2256 1917 2456 1979 horto·

859 2034 1049 2097 Adde
1077 2033 1250 2097 olera
1279 2039 1344 2097 et
1373 2034 1627 2116 pube-ns
1656 2034 1925 2098 decusso
1955 2035 2112 2099 flore
2138 2034 2457 2116 legumen.

860 2152 1048 2217 Adde
1076 2173 1280 2216 novos
1309 2172 1475 2235 quos
1503 2154 1673 2215 laeta
1702 2152 1893 2216 refert
1921 2153 2041 2216 tibi
2072 2153 2261 2216 vinea
2288 2152 2561 2233 fructus,

863 2272 1098 2336 Dulces
1127 2273 1480 2354 pampinea
1508 2272 1841 2355 decerptos
1870 2273 2002 2336 vite
2030 2293 2333 2353 racemOS,

861 2393 1076 2453 Pruna
1105 2392 1402 2455 admixta
1430 2392 1631 2474 pyris,
1670 2391 1996 2474 imprimis
2026 2392 2211 2455 mitia
2242 2411 2456 2473 poma,

860 2511 1042 2585 Quae
1070 2509 1294 2593 pulcre
1321 2510 1392 2572 in
1422 2510 1601 2572 cistis
1630 2531 1920 2573 mensam
1952 2509 2317 2573 rubicunda
2344 2517 2774 2574 coronent-—

861 2628 1190 2691 Postremo
1220 2649 1255 2690 e
1284 2627 1469 2691 tostis
1498 2627 1801 2691 succedat
1828 2629 2008 2710 potio
2036 2628 2265 2708 baccis,

861 2746 1038 2820 Quas
1068 2745 1191 2808 tibi
1222 2745 1421 2810 Moka
1449 2744 1631 2808 ferax
1661 2766 1696 2809 e
1725 2745 1941 2810 littore
1967 2746 2173 2810 mittit
2201 2766 2343 2809 eoo:

862 2862 1237 2942 Nigrantem
1267 2860 1524 2925 laticem
1555 2863 1797 2926 sensim
1826 2863 2233 2944 summisque
2258 2862 2515 2926 labellis

862 2980 1164 3060 Sorbilla3
1210 2979 1421 3044 dulcis
1449 2980 1861 3045 stomachum
1892 2980 2054 3045 bene
2083 2981 2333 3044 molliet
2377 2980 2774 3046 haustus.—

865 3100 960 3162 De
989 3098 1170 3162 tenui
1200 3100 1376 3162 victu
1407 3099 1567 3162 haec
1596 3104 1832 3180 teneas,
1870 3099 1975 3163 his
2005 3104 2184 3163 utere
2212 3105 2415 3180 tutus,

862 3216 967 3280 Ad
998 3236 1207 3280 seram
1238 3221 1315 3280 ut
1343 3216 1557 3279 valeas
1586 3235 1785 3280 sanus
1814 3223 2200 3299 vegetusque
2228 3221 2573 3280 senectam.

762 3336 853 3398 At
880 3341 1102 3397 contra
1137 3333 1331 3414 (haec
1360 3334 1619 3416 sapiens
1647 3340 1869 3415 argute
1897 3333 2178 3397 addebat
2206 3332 2491 3414 Ofellus)

866 3452 1130 3515 Nectere
1158 3457 1312 3513 nata
1340 3450 1542 3532 dolos,
1580 3451 1881 3514 homines
1909 3457 1975 3514 et
2002 3451 2265 3533 perdere
2290 3458 2446 3515 nata

863 3567 1148 3631 Vitanda
1179 3567 1528 3650 Ingluvies,
1567 3567 1847 3632 crudelis
1876 3573 1941 3632 et
1966 3567 2267 3649 improba
2292 3567 2483 3631 siren.

767 3685 1092 3768 Principio
1120 3685 1280 3749 haec
1308 3685 1404 3747 illi
1438 3685 1661 3749 sollers
1691 3692 1757 3749 et
1783 3685 2010 3749 sedula
2037 3704 2210 3766 cura,

869 3805 1194 3867 Instruere
1223 3811 1454 3867 ornatu
1486 3825 1744 3869 mensas
1772 3805 2087 3887 cultuque
2114 3804 2392 3868 decoras.

1714 3923 1814 3974 218
