3117 4642
1559 374 1827 428 INDEX

2561 573 2695 608 rso:

686 631 778 686 Ad
799 631 840 685 J
841 631 1090 684 eremiam
1113 632 1355 685 Brunelli
1362 671 2551 687 ......................................................
2629 637 2698 688 70

688 716 777 770 Ad
810 716 851 770 J
850 734 1073 773 oannem
1108 718 1393 771 Arnolfum
1419 717 1671 771 Servanzi
1697 757 2553 772 .......................................
2625 721 2696 772 72

686 801 740 854 S.
787 801 1124 855 Herculanus
1162 841 2553 856 ...............................................................
2625 804 2694 857 74

687 886 756 938 In
779 885 1054 939 Honorem
1077 886 1133 939 S.
1160 886 1456 940 Herculani
1495 924 2553 940 ................................................
2626 889 2692 941 76

687 969 742 1021 S.
786 968 1123 1021 Constantius
1162 1007 2552 1022 ...............................................................
2627 971 2696 1023 82

687 1050 940 1118 Hymnus
971 1052 1001 1103 I
1003 1091 2553 1105 ......................................................................
2629 1054 2695 1106 84

688 1132 939 1202 Hymnus
961 1136 1022 1187 ΙΙ
1030 1174 2551 1189 .....................................................................
2629 1138 2696 1191 88

688 1219 741 1272 S.
771 1219 1074 1272 Felicianus
1097 1258 2552 1273 ..................................................................
2624 1221 2694 1273 94

690 1304 780 1357 Ad
802 1304 1052 1358 Sanctum
1078 1305 1408 1358 Felicianum
1431 1344 2555 1358 ...................................................
2626 1306 2696 1359 94

1370 1438 1438 1491 In
1469 1437 1682 1491 Sacram
1715 1438 2005 1491 Familiam.

689 1541 939 1607 Hymnus
969 1541 997 1592 I
1002 1579 2554 1594 ......................................................................
2596 1544 2695 1596 104

689 1625 941 1692 Hymnus
964 1625 1024 1677 ΙΙ
1030 1664 2554 1679 .....................................................................
2596 1629 2695 1680 108

689 1708 941 1775 Hymnus
975 1709 1067 1761 111
1069 1748 2553 1763 ...................................................................
2597 1712 2696 1763 112

690 1793 779 1845 Ad
801 1792 1020 1845 Florum
1028 1830 2551 1846 .....................................................................
2597 1796 2695 1847 116

690 1876 744 1928 N
747 1895 777 1929 e
798 1877 865 1930 Se
887 1877 1239 1944 Voluptatum
1261 1876 1533 1930 Illeoebris
1556 1877 1689 1944 Capi
1721 1877 1964 1931 Patiatur
1968 1916 2556 1930 ...........................
2599 1879 2694 1931 118

691 1960 729 1988 “
745 1961 1022 2014 Justitiam
1047 1960 1247 2013 Colui”
1301 1999 2557 2014 ........................................................
2599 1962 2696 2015 120

691 2044 964 2097 Frustrata
1009 2045 1304 2112 Impiorum
1342 2045 1447 2113 Spe
1473 2044 1794 2098 Pontificum
1831 2044 2191 2097 Romanorum
2228 2044 2398 2098 Series
2438 2044 2563 2097 Non
2601 2097 2608 2106 ,

827 2129 1206 2182 Intermittitur
1231 2167 2554 2181 ............................................................
2598 2130 2697 2182 122

691 2214 964 2266 Frustrata
1003 2213 1299 2281 Impiorum
1339 2213 1445 2280 Spe
1478 2211 1797 2266 Pontificum
1831 2213 2192 2265 Romanorum
2228 2212 2398 2266 Series
2437 2212 2563 2266 Non

826 2298 1206 2352 Intermittitur
1233 2336 2555 2351 ............................................................
2596 2299 2697 2351 124

691 2385 964 2439 Ecclesiae
987 2384 1304 2452 Auspicatus
1336 2383 1663 2451 Triumphus
1700 2422 2556 2436 .......................................
2598 2385 2695 2436 126

689 2470 911 2522 Sanetus
934 2469 970 2521 J
974 2485 1168 2521 oannes
1186 2468 1429 2535 Baptista
1433 2505 2556 2520 ...................................................
2598 2468 2696 2518 128

691 2551 759 2604 In
781 2551 821 2604 J
823 2569 968 2604 esum
992 2551 1259 2604 Christum
1296 2550 1628 2618 Baptizatum
1636 2588 2557 2603 ..........................................
2598 2550 2696 2602 132

689 2637 759 2687 In
784 2635 927 2688 Illud
954 2634 1153 2687 Psalmi
1176 2635 1275 2686 xiii
1301 2672 2557 2687 .........................................................
2598 2635 2694 2686 136

690 2721 759 2773 In
785 2720 931 2772 Illud
955 2720 1098 2772 Eoel.
1127 2719 1324 2786 xxxiv,
1349 2721 1415 2772 16
1439 2756 2556 2770 ...................................................
2598 2719 2695 2770 138

691 2804 759 2857 In
784 2804 968 2857 Platea
990 2803 1198 2857 Maiore
1219 2821 1384 2871 prope
1407 2803 1691 2870 Templum
1713 2802 1965 2870 Princeps
1970 2841 2557 2854 ...........................
2599 2803 2696 2855 142

691 2889 759 2942 In
784 2889 942 2942 Parte
964 2888 1164 2956 Oppidi
1186 2888 1467 2955 Superiore
1489 2905 1654 2955 prope
1677 2887 1867 2941 Avitus
1888 2887 2195 2941 Peeeiorum
2218 2886 2392 2940 Aedes
2435 2927 2557 2939 ......
2599 2889 2695 2941 144

692 3059 782 3113 Ad
808 3059 1025 3113 Beatam
1047 3058 1328 3125 Virginem
1351 3057 1582 3110 Mariam
1609 3057 1687 3125 (Ι)
1701 3095 2557 3109 .......................................
2599 3058 2697 3110 148

692 3143 781 3196 Ad
806 3143 1024 3196 Beatam
1048 3142 1329 3210 Virginem
1356 3142 1586 3194 Mariam
1612 3140 1690 3209 (Ι)
1701 3180 2557 3195 .......................................
2598 3143 2696 3194 150

692 3227 783 3281 Ad
807 3228 1023 3281 Beatam
1048 3227 1329 3294 Virginem
1360 3226 1588 3278 Mariam
1617 3226 1725 3293 (ΙΙ)
1768 3263 2558 3279 ....................................
2598 3226 2696 3277 152

691 3311 784 3364 Ad
805 3311 1025 3364 Beatam
1045 3309 1333 3379 Virginem
1360 3310 1592 3363 Mariam
1618 3309 1725 3378 (Π)
1770 3348 2557 3363 ....................................
2597 3309 2697 3362 154

691 3396 1025 3450 Praesidium
1049 3396 1281 3449 Divinae
1303 3396 1496 3449 Matris
1499 3433 2535 3448 ...............................................
2599 3394 2696 3446 156

691 3480 963 3534 Adiutrici
985 3480 1405 3533 Christianorum
1435 3517 2558 3532 ...................................................
2600 3479 2698 3532 160

994 3614 1062 3667 In
1103 3614 1254 3668 Obitu
1287 3613 1497 3683 Josephi
1530 3614 1681 3666 Peooi
1718 3612 1868 3667 card.
1905 3611 2151 3666 Gen-unam·
2182 3612 2399 3665 ,Ei-atris.

691 3716 888 3784 Ioseph
903 3751 2559 3769 ...........................................................................
2600 3712 2698 3764 168

692 3800 934 3853 Ioaehim
966 3835 2558 3852 ........................................................................
2600 3797 2698 3849 168

691 3884 761 3937 In
784 3884 1015 3937 Mariam
1038 3884 1242 3937 Elisam
1265 3883 1525 3937 Bernezzo
1569 3919 2557 3935 .............................................
2600 3879 2697 3933 170

1645 3982 1746 4036 viii
