3117 4642
1509 375 1865 431 GARMHM

767 614 1084 679 Persensit
1111 633 1359 677 numen
1392 613 1711 696 Baptista3
1756 618 1837 695 et,
1873 634 1999 677 no‘n
2026 634 2130 695 eqo
2169 623 2235 695 te,
2276 614 2508 696 inquit,

932 734 1032 796 Me
1057 753 1166 815 me,
1205 734 1438 814 adsum,
1476 741 1542 796 tu
1568 753 1661 796 me
1689 733 1865 815 time,
1905 734 2208 815 Mayiater‚
2247 755 2426 816 aqua.

768 963 991 1027 Paruit
1017 964 1293 1046 imperio
1321 970 1541 1029 tamen
1573 969 1637 1029 et
1665 964 1973 1028 mandata
2000 962 2280 1028 facessit:

934 1082 1380 1165 Divinumque
1409 1082 1622 1147 fluens
1650 1081 1893 1147 imbuit
1921 1082 2101 1146 unda
2127 1087 2341 1165 caput.

768 1312 1083 1377 Panditur
1110 1314 1354 1378 interea
1382 1313 1664 1377 radianti
1693 1313 1943 1377 lumine
1971 1312 2243 1394 eaelum,

934 1431 1214 1514 Ipsaque
1244 1430 1542 1496 Iordanis
1572 1431 1716 1514 ripa
1743 1451 2006 1495 corusca
2045 1431 2259 1494 micat.

766 1661 1090 1725 Continuo
1120 1662 1271 1727 nive
1298 1662 1639 1727 candidior
1667 1661 2050 1727 descendere
2078 1662 2162 1725 ab
2190 1662 2323 1725 alto

933 1781 1350 1863 Praepetibus
1379 1782 1613 1864 pennis
1643 1781 1781 1846 visa
1809 1779 2128 1846 Columba
2156 1781 2324 1862 polo.

768 2011 867 2072 En
901 2012 1096 2093 Deua,
1134 2012 1273 2094 ipse
1304 2013 1499 2094 Deus,
1536 2011 1825 2094 fulgente
1852 2032 1967 2094 per
1995 2031 2142 2076 aera
2169 2017 2395 2093 tractu,

933 2128 1127 2193 Alitis
1156 2129 1224 2192 in
1254 2128 1463 2195 forma
1491 2128 1989 2212 conspiciendus
2025 2134 2175 2193 erat.

767 2360 1024 2423 Leniter
1050 2360 1360 2427 adlabens
1391 2361 1722 2427 Christum
1753 2381 1949 2443 super
1974 2361 2254 2437 adstitit3
2297 2380 2488 2424 auras

932 2480 1102 2543 Tum
1131 2500 1263 2544 vox
1292 2480 1586 2545 insonuit
1613 2479 1760 2545 fusa
1788 2501 1904 2563 per
1930 2479 2269 2544 aetherias:

766 2711 959 2773 Filius
987 2711 1084 2775 hic
1110 2733 1270 2775 meua
1299 2722 1378 2776 eat
1391 2734 1417 2790 ;
1462 2712 1685 2791 audite,
1723 2712 1928 2775 audite
1955 2711 2263 2792 docentem,

939 2830 1123 2905 Quem
1148 2831 1349 2912 qenai,
1386 2839 1661 2895 aeternus
1688 2851 1856 2912 quem
1883 2830 2037 2893 mihi
2065 2830 2265 2911 iunqit
2292 2850 2477 2892 amor.

766 3059 1013 3140 Audiit,
1053 3067 1116 3124 et
1143 3081 1278 3124 sese
1306 3060 1446 3142 tibi,
1485 3062 1662 3142 Insv,
1700 3061 2032 3124 maximus
2060 3060 2234 3124 orbis

930 3179 1241 3244 Subdidit
1270 3180 1407 3244 Eoo
1436 3200 1471 3243 e
1500 3180 1688 3244 litore
1716 3179 1800 3244 ad
1830 3178 2176 3243 occiduum
2187 3201 2204 3260 ;

764 3410 981 3493 Teque
1009 3410 1080 3472 in
1108 3417 1260 3474 vota
1289 3417 1490 3492 vocat,
1530 3410 1653 3474 tibi
1680 3410 1891 3475 iussos
1921 3409 2133 3474 reddit
2160 3408 2455 3489 honores,

928 3529 1026 3591 Tu
1059 3528 1178 3591 lux
1210 3549 1358 3592 vera
1383 3529 1659 3610 homini,
1698 3535 1773 3592 tu
1802 3529 1926 3610 via,
1965 3528 2117 3609 vita,
2155 3526 2348 3592 salue.

1625 3983 1722 4035 134
