3117 4642
1517 392 1874 447 cama

690 599 926 663 Cedere
955 600 1098 661 visa
1125 598 1286 676 locst),
1323 607 1388 660 et
1413 617 1571 677 sese,
1608 596 1909 660 mirabile
1935 596 2117 659 dictu
2142 599 2161 659 ἒ

857 718 1046 781 Utro
1073 716 1519 780 Christiadum
1547 714 1785 780 dedere
1810 715 1883 778 in
1910 715 2275 778 arbitrium.

701 933 1070 1015 lnge-minat
1101 941 1260 995 tuno
1287 932 1494 995 victor
1521 932 1609 1010 io,
1644 950 2017 1013 nomenque
2042 931 2323 993 Mam

861 1049 1240 1114 Conclamat
1267 1050 1512 1113 resonis
1551 1048 1849 1131 undique
1874 1049 2201 1112 litoribus:

703 1267 1128 1332 Conclamant
1155 1267 1385 1349 populi
1415 1275 1810 1348 portentum,
1846 1266 2133 1348 Virginis
2159 1265 2372 1328 almae

863 1386 1196 1449 Patr-atum
1228 1385 1338 1448 dia
1368 1385 1811 1466 bellipotentis
1839 1405 1987 1468 ope;

701 1601 1089 1665 Romulidae
1110 1602 1454 1684 imprimis,
1484 1603 1671 1684 queis
1698 1602 1942 1665 mirum
1963 1622 2046 1665 ex
2074 1601 2262 1665 hoste
2288 1602 2707 1683 triumphum

865 1720 1156 1783 Fatidice
1186 1720 1396 1783 edixit
1437 1721 1766 1803 praescius
1794 1740 1903 1784 ore
1930 1720 2107 1783 P1vs.

699 1934 866 1998 Inde
893 1935 1078 2017 quiea
1107 1943 1168 1997 et
1199 1956 1332 2016 pax
1363 1936 1663 2017 Europae
1689 1934 1941 1998 adserta
1970 1935 2203 2017 ruenti,

866 2050 1031 2115 Inde
1060 2053 1234 2115 stetit
1264 2052 1509 2134 patriae
1539 2052 1923 2134 Relligionis
1950 2052 2174 2116 honos.

701 2269 982 2351 Seraque
1011 2270 1347 2352 posteritas
1384 2268 1580 2352 (quid
1611 2269 1829 2333 adhuc
1858 2270 2092 2352 ignava
2118 2277 2409 2333 moratur
2423 2272 2490 2351 ·?)

865 2387 986 2449 Eia
1015 2394 1249 2450 eventu
1282 2385 1554 2468 dignum
1586 2386 1994 2467 aggrediatur
2021 2407 2204 2470 opus·

700 2601 994 2666 Sublime
1023 2601 1277 2665 attollat
1305 2602 1486 2684 pario
1514 2603 1597 2667 de
1624 2623 1947 2667 marmore
1972 2604 2293 2685 templum

864 2719 970 2784 Ad
1001 2720 1176 2798 litus,
1215 2721 1487 2785 memori
1515 2726 1694 2802 gesta
1721 2720 1836 2784 ubi
1866 2741 2087 2804 pugna
2112 2721 2299 2785 1000)

701 2938 833 3001 Hie
861 2938 1057 3019 Virgo
1087 2938 1406 3020 templum
1438 2944 1653 3003 teneat
1682 2940 1943 3021 Regina,
1982 2940 2261 3004 tumenti

867 3056 996 3120 Hic
1025 3058 1389 3139 praecincta
1416 3058 1578 3121 rosis
1606 3057 1881 3139 imperet
1918 3058 2062 3140 ipsa
2090 3058 2272 3122 mari.

752 3301 790 3350 ι)
809 3299 1188 3343 Christianorum
1221 3301 1373 3353 pietas
1403 3301 1639 3353 templum
1668 3301 1852 3354 Virgini
1887 3313 1915 3345 α
1948 3303 2138 3345 Bouario
2167 3301 2373 3346 condere
2402 3306 2453 3344 et
2478 3301 2717 3346 dedicare

697 3371 836 3420 parat
859 3367 911 3409 in
933 3367 1072 3410 litore
1089 3369 1314 3420 patre-nat.

1648 4004 1747 4056 164
