3117 4642
1575 424 1927 480 CARMINA

834 663 1173 726 Pastorum
1201 667 1419 725 coetus
1448 660 1580 723 huc
1609 659 1985 724 convenisse
2011 657 2394 740 frequentee‚

1000 781 1153 843 Huc
1183 785 1320 843 toto
1347 778 1632 861 insignes
1661 799 1793 861 qua
1819 783 1999 861 patet
2027 778 2180 842 orbe
2208 777 2398 858 vitoe,

835 1011 1064 1076 Nescio
1092 1031 1222 1093 qua
1252 1010 1467 1075 laudis
1495 1015 1781 1073 mentem
1814 1008 2157 1073 dulcedine
2185 1014 2425 1091 captoe,

999 1130 1358 1193 Maturasse
1385 1127 1681 1210 gradum,
1721 1127 1931 1191 dicere
1960 1148 2041 1191 ne
2070 1128 2309 1209 pigeat3

835 1361 1130 1436 Quorum
1161 1359 1307 1423 aliis
1336 1358 1504 1422 lauri
1536 1359 1834 1442 placuere
1862 1366 1926 1423 et
1953 1379 2226 1422 amoena
2254 1358 2475 1438 vireta,

1000 1480 1086 1543 Et
1114 1485 1293 1561 grata
1319 1479 1389 1542 in
1420 1479 1585 1542 lucis
1614 1479 1744 1542 otia
1774 1477 2138 1558 maenaliis;

832 1710 1084 1793 Agresti
1115 1710 1382 1784 calamo,
1421 1709 1783 1773 frondentis
1810 1709 1895 1772 ad
1924 1709 2091 1772 ilicis
2121 1709 2441 1788 umbram,

1000 1829 1338 1893 Pastorum
1369 1829 1617 1912 placuit
1645 1849 1824 1892 more
1852 1828 2016 1892 ciere
2044 1848 2236 1892 sonos
2244 1850 2261 1910 3

836 2061 995 2123 Mox
1025 2066 1089 2124 et
1117 2060 1394 2124 lesbiaco
1422 2059 1749 2123 modulari
1780 2059 2068 2123 carmina
2097 2058 2339 2141 plectro

1000 2178 1104 2241 Ad
1135 2198 1435 2241 murmur
1464 2177 1713 2260 placuit
1739 2177 1884 2241 lene
1912 2177 2201 2243 cadentis
2230 2196 2451 2259 aquae.

836 2411 978 2474 Hos
1006 2410 1175 2473 inter
1204 2430 1576 2490 memorem,
1616 2415 1679 2472 et
1707 2408 1937 2473 festiva
1964 2407 2192 2472 fronde
2221 2409 2523 2472 decorum

1002 2526 1228 2590 Dicere
1256 2547 1469 2589 amem
1499 2527 1730 2590 merita
1758 2526 1953 2590 laude
1981 2527 2405 2590 Metaetaaium

838 2757 1075 2821 Dulces
1105 2777 1300 2839 quem
1331 2757 1622 2822 Charites
1649 2757 1951 2821 aluerunt
1978 2757 2173 2820 ubere
2203 2757 2414 2840 plene,

1001 2875 1087 2938 Et
1116 2875 1339 2939 docuit
1367 2874 1585 2939 facilae
1615 2876 1805 2940 Musa
1834 2874 2113 2957 benigna
2140 2874 2388 2955 modoS‚

836 3107 1177 3188 Quemque
1206 3106 1332 3169 levi
1363 3106 1757 3170 mulcentem
1790 3126 1975 3170 aures
2003 3106 2450 3170 modulamine
2478 3114 2734 3188 eamne,

1001 3223 1281 3305 Agnovit
1310 3229 1521 3288 vatem
1554 3223 1839 3289 Caesaris
1869 3225 2018 3287 aula
2047 3244 2262 3288 suum.

835 3454 1059 3518 Acrior
1086 3461 1185 3519 ast
1213 3455 1376 3518 alios
1405 3453 1696 3519 incendit
1724 3455 2011 3535 flamma,
2050 3474 2361 3536 supernas

1000 3572 1217 3636 Altius
1246 3572 1316 3634 in
1346 3572 1552 3636 nubes
1582 3571 1875 3636 numinis
1903 3592 2059 3635 aura
2090 3572 2279 3652 levat,

834 3804 1013 3879 Quos
1041 3824 1276 3885 nempe
1304 3801 1570 3884 afflavit,
1609 3802 1955 3886 rapuitque
1983 3823 2097 3884 per
2125 3802 2331 3866 ardua
2359 3803 2538 3885 virgo

1000 3921 1263 3985 Heroici
1293 3927 1521 3985 cantus
1551 3921 1880 4003 Calliopea
1906 3927 2155 4004 potenS.

1701 4040 1801 4092 182
