3117 4642
1610 336 1963 393 C‘ARMHVA

1523 887 2050 928 Alfi-mm

1009 1023 1257 1091 IDEM
1304 1021 1709 1092 SORORIS
1759 1021 2019 1091 OPEM
2069 1021 2567 1092 IMPLORAT

1399 1213 1523 1260 SVB
1551 1212 1927 1258 ALLEGORIA
1955 1213 2154 1261 NAVIS

861 1332 1090 1436 HEU
1119 1388 1297 1432 mare
1325 1367 1679 1433 sollicitum
1708 1367 2169 1451 spumantibus
2197 1372 2450 1433 aestuat
2476 1367 2699 1432 undis:

984 1487 1132 1550 Nox
1161 1486 1291 1550 heu
1321 1484 1703 1551 nimbosum
1733 1485 2016 1568 contegit
2042 1489 2182 1550 atra
2208 1485 2457 1569 polum.

856 1706 1215 1783 Quassatur
1242 1704 1471 1786 ventis,
1509 1704 1738 1786 pelago
1766 1704 2043 1768 iactatur
2069 1703 2139 1768 in
2170 1704 2321 1787 alte,

980 1823 1067 1886 Et
1092 1823 1226 1886 iam
1254 1821 1456 1886 fracta
1483 1821 1639 1886 ratis
1666 1821 1938 1904 gurgitis
1965 1821 2103 1885 ima
2130 1822 2310 1904 petit.

855 2040 1214 2103 Horremus
1241 2038 1498 2123 trepidi,
1536 2039 1751 2122 quatit
1778 2060 1962 2122 aeger
1988 2040 2317 2106 anhelitus
2345 2046 2548 2105 artus:

978 2158 1153 2224 Mors
1181 2158 1399 2240 instat,
1437 2158 1569 2222 iam
1602 2157 1733 2222 iam
1765 2163 1884 2223 nes
1912 2164 2098 2223 vorat
2124 2158 2303 2224 unda
2333 2159 2546 2224 maris.

851 2375 996 2440 Flet
1020 2375 1286 2458 genitor,
1324 2376 1608 2441 resoluta
1636 2397 1852 2441 comas
1879 2376 2022 2441 loca
2048 2369 2669 2462 questubus'implet

975 2495 1232 2560 Coniux
1241 2517 1258 2578 ;
1302 2515 1454 2559 cum
1482 2495 1655 2560 natis
1684 2496 1923 2561 anxius
1951 2496 2092 2579 ipse
2117 2517 2396 2580 gemens,

855 2714 899 2747 “
919 2713 976 2778 Ο
1005 2733 1200 2795 soror,
1234 2712 1538 2795 inclamO,
1577 2669 1771 2795 hortu
1800 2712 1936 2776 iam
1965 2718 2108 2777 tuta
2135 2714 2341 2796 beate,

970 2830 1094 2895 Eia
1120 2830 1312 2913 adsis,
1350 2836 1603 2895 nostras
1635 2836 1699 2894 et
1725 2830 2028 2896 miserata
2066 2831 2256 2912 vices,

845 3052 1183 3117 Fluctibus
1211 3052 1283 3115 in
1311 3053 1545 3119 mediis
1575 3052 1814 3135 affulge
1843 3053 2024 3117 sidus
2053 3052 2362 3133 amicum,

966 3171 1087 3235 Per
1115 3172 1299 3254 vada,
1337 3191 1452 3253 per
1478 3176 1701 3254 syrtes,
1740 3191 1780 3234 o
1808 3171 1999 3253 bona,
2036 3171 2231 3235 tende
2260 3191 2520 3235 manus:

839 3389 1037 3454 Ocius
1064 3387 1222 3452 affer
1249 3408 1459 3471 opem,
1497 3388 1815 3470 pontique
1843 3408 1878 3451 e
1904 3388 2154 3470 gurgite
2181 3394 2399 3471 raptos

964 3507 1184 3572 Insere
1212 3506 1475 3571 sidereis
1502 3507 1648 3589 ipsa
1675 3505 1955 3588 benigna
1982 3506 2214 3589 plagis3

839 3724 1045 3786 Detur
1073 3722 1188 3787 ubi
1218 3722 1562 3805 amplexus
1592 3721 1839 3803 iterare,
1878 3727 1942 3786 et
1969 3721 2233 3803 iungere
2261 3720 2540 3802 dextras,

959 3841 1315 3905 Aeternum
1345 3841 1534 3905 detur
1562 3840 1807 3905 solvere
1836 3845 1988 3905 vota
2016 3841 2180 3904 Deo!
2202 3839 2245 3872 '²

1716 3960 1785 4011 62
