3117 4642
1505 878 1872 952 INDEX.

1503 1143 1854 1197 CARMINA
1862 1184 1878 1199 .

2562 1219 2693 1254 nun

688 1278 778 1332 Ad
803 1278 1149 1332 vincentium
1172 1279 1468 1333 Pavanium
1495 1318 2551 1333 ................................................
2657 1282 2691 1332 2

689 1363 772 1417 De
794 1363 1158 1417 Invalitndine
1178 1364 1285 1417 Sua
1299 1403 2552 1418 .........................................................
2656 1366 2691 1418 4

688 1446 949 1515 Rogerius
966 1448 1034 1500 A.
1059 1449 1116 1501 C.
1160 1487 2551 1501 ...............................................................
2656 1450 2691 1501 6

1515 1598 1869 1651 LUDICRA.

689 1717 956 1770 Lac-rima
961 1756 2552 1772 ........................................................................
2626 1721 2694 1771 10

690 1800 1012 1854 Arti-Giano
1030 1840 2109 1855 .................................................
2208 1840 2554 1855 ................
2626 1804 2693 1856 12

690 1885 822 1937 Gan-
825 1885 980 1937 Euro
1034 1923 2553 1939 .....................................................................
2628 1889 2692 1939 16

689 1969 804 2022 sol·
803 1968 1025 2022 Fanello
1032 2007 2554 2023 .....................................................................
2628 1972 2696 2023 20

1498 2119 1866 2173 CARMINA.

695 2237 743 2289 A
771 2237 1079 2305 Monsignor
1097 2238 1243 2291 Orfei
1261 2238 1295 2270 θ
1299 2276 2554 2291 .........................................................
2628 2239 2697 2290 22

691 2321 842 2373 Idem
873 2321 1062 2375 Latine
1099 2360 2555 2376 ..................................................................
2628 2324 2695 2375 24

691 2406 744 2458 A
767 2406 961 2459 Fulvio
984 2405 1211 2458 Bellelio
1232 2444 2046 2460 .....................................
2048 2476 2056 2483 ⁴
2057 2445 2556 2460 .......................
2627 2408 2694 2459 26

692 2491 758 2542 In
788 2490 1061 2543 Maevium
1099 2526 2554 2545 ..................................................................
2628 2493 2696 2543 28

693 2574 758 2627 In
778 2573 1058 2627 Nicolaum
1078 2573 1403 2641 Pompilium
1430 2612 2554 2627 ...................................................
2626 2577 2695 2627 32

693 2659 760 2712 In
791 2659 1008 2712 Petrum
1041 2659 1225 2711 Penna
1230 2697 2555 2713 ............................................................
2625 2660 2694 2713 34

693 2743 761 2795 In
785 2742 1138 2811 Seraphinum
1161 2741 1492 2795 Paradisium
1498 2781 2554 2797 ................................................
2626 2745 2695 2797 36

695 2827 760 2879 In
778 2827 1022 2879 Sanctam
1045 2825 1427 2879 Petrazzinium
1436 2865 2556 2880 ...................................................
2627 2830 2696 2880 38

695 2910 763 2962 In
785 2910 1186 2962 Hermelindam
1216 2909 1617 2978 Montesperelli
1635 2948 2556 2963 ..........................................
2629 2912 2697 2964 40

697 2995 763 3046 In
785 2993 1128 3047 Rosulindam
1151 2994 1391 3047 Bastiani
1434 3032 2557 3047 ...................................................
2627 2996 2697 3047 42

696 3079 802 3131 Ars
834 3078 1262 3145 Photographiea
1789 3116 2556 3131 ...................................
2628 3080 2697 3132 44

697 3162 765 3215 In
788 3162 1007 3214 Gallum
1034 3200 2557 3216 ....................................................................
2629 3164 2696 3216 46

699 3246 1082 3298 Damnatomm
1106 3245 1174 3298 ad
1197 3246 1403 3299 Inferos
1435 3246 1815 3300 Lamentabilis
1836 3247 1964 3301 Vox
1970 3285 2558 3300 ...........................
2629 3249 2698 3300 48

697 3330 918 3383 Rioorso
935 3330 1043 3383 alla
1059 3331 1111 3383 V
1114 3331 1296 3398 ergine
1302 3370 2557 3385 .........................................................
2629 3334 2698 3384 50

697 3415 788 3467 Ad
803 3414 1068 3467 Aloisium
1094 3415 1296 3468 Ruteni
1319 3416 1429 3467 Can
1435 3454 2558 3470 ...................................................
2630 3418 2699 3468 52

698 3500 787 3569 Ad
809 3499 1074 3552 Aloisium
1097 3499 1299 3551 Rufum
1306 3538 2558 3553 .........................................................
2630 3501 2700 3553 56

695 3583 954 3637 Get-trudi
975 3583 1270 3636 Sterbiniae
1303 3622 2559 3637 .........................................................
2629 3586 2699 3637 58

698 3667 850 3721 Idem
873 3668 1072 3720 Sororis
1092 3667 1263 3734 Opem
1286 3666 1545 3734 ImPlorat
1571 3706 2560 3722 .............................................
2630 3669 2700 3720 62

699 3752 789 3804 Ad
811 3752 848 3805 J
852 3751 1105 3819 osephum
1125 3750 1364 3804 Fratrem
1370 3789 2560 3805 ......................................................
2630 3753 2702 3803 64

992 3903 1018 3929 ¹¹
1030 3899 1244 3953 original
1262 3902 1390 3944 texts
1408 3900 1568 3953 (Latin
1586 3910 1641 3942 or
1656 3898 1852 3954 Italian)
1872 3910 2050 3954 appear
2065 3911 2130 3944 on
2148 3901 2246 3944 thia
2262 3911 2398 3954 page.

1674 4003 1733 4039 vl
