3117 4642
1534 352 1889 408 GARMHVA

1523 651 1876 723 IOSEPH

841 782 1302 884 IUSTITIAE
1331 813 1578 878 iactum
1606 813 1761 878 satis
1789 818 1903 893 est,
1940 810 2295 895 poenisque
2334 809 2623 875 solutum
2656 809 2713 890 3¹

961 935 1107 998 Iam
1136 932 1297 998 caeli
1325 953 1433 996 me
1459 930 1708 1014 templa
1736 936 1959 995 tenent
1985 929 2336 994 stellantia:
2366 928 2479 992 sed
2510 935 2583 991 tu

959 1053 1128 1117 Cum
1156 1057 1253 1115 tot
1280 1051 1619 1131 sustineas,
1657 1054 1793 1113 tam
1821 1046 2092 1130 grandia
2119 1047 2366 1127 munia,
2405 1045 2599 1110 debes

961 1171 1170 1233 Tanto
1199 1169 1390 1253 plura
1419 1168 1577 1250 Dec,
1613 1173 1862 1250 quanto
1890 1166 2137 1230 maiora
2164 1164 2392 1229 tulisti.

960 1265 1160 1353 Sume
1201 1287 1527 1367 animum3
1573 1285 1781 1350 fidens
1826 1284 2131 1368 cymbam
2181 1283 2310 1347 duc
2354 1302 2595 1365 aequor
2638 1283 2711 1345 in

1210 1405 1447 1469 altum:

961 1525 1069 1589 Sic
1097 1523 1219 1588 tibi
1246 1522 1481 1606 felices,
1519 1522 1696 1605 largo
1724 1520 1821 1586 sic
1848 1520 2065 1585 fenore
2095 1519 2275 1602 digni

961 1645 1109 1708 Sint
1135 1643 1283 1706 initi
1311 1648 1532 1707 sancta
1560 1662 1680 1725 pro
1706 1641 2038 1722 relligione
2065 1640 2335 1704 labores!

961 1763 1268 1825 Attamen
1297 1766 1374 1825 ut
1400 1761 1615 1825 valeas
1642 1760 1803 1823 olim
1831 1758 2141 1823 sublimia
2167 1756 2344 1838 caeli,

963 1879 1236 1944 Vltrices
1263 1878 1518 1961 fugiens
1548 1878 1869 1959 flammas,
1904 1876 2233 1958 attingere,
2270 1874 2574 1959 prudens,

964 1998 1243 2079 Mortali,
1283 1999 1598 2077 Ionum,
1635 1998 1808 2061 vitae
1836 1996 1998 2060 dum
2026 1995 2296 2059 vesceris
2322 2014 2499 2074 aura,

963 2119 1049 2182 Et
1075 2119 1323 2201 gemitu
1352 2118 1614 2183 abluere
1641 2123 1705 2182 et
1731 2116 2015 2181 lacrimis
2043 2115 2327 2181 admissa
2354 2121 2703 2179 memento,

1501 2362 1925 2432 IOACHIM

844 2490 1077 2595 DUM
1108 2527 1343 2608 vivam,
1381 2525 1707 2608 fessosque
1734 2529 1910 2607 regat
1936 2523 2098 2587 dum
2127 2522 2393 2606 spiritus
2420 2528 2617 2600 artuS,

965 2644 1236 2708 Incensa
1264 2664 1346 2708 ex
1375 2644 1510 2707 imo
1540 2642 1783 2707 ducens
1810 2641 2090 2725 suspiria
2117 2640 2323 2721 corde,

963 2760 1223 2825 Ploratu
1254 2760 1543 2825 maculas
1572 2760 1782 2824 delere
1810 2759 2017 2823 enitar
2042 2778 2281 2822 amaro.

961 2883 1051 2944 At
1077 2886 1172 2959 tu,
1208 2880 1326 2963 qui
1353 2880 1678 2962 Superum
1706 2898 1968 2943 securus
1995 2877 2140 2942 luce
2167 2876 2393 2957 bearis,

963 2997 1343 3063 Confectum
1373 2997 1720 3079 aerumnis,
1760 2996 2007 3061 devexa
2033 3001 2239 3060 aetate
2267 2995 2595 3059 labantem

963 3116 1169 3198 Erige,
1208 3122 1272 3179 et
1300 3134 1506 3198 usque
1547 3135 1798 3179 memor
1825 3114 1907 3178 de
1934 3113 2108 3178 caelo
2137 3113 2379 3195 respice
2418 3112 2697 3176 fratrem.

962 3238 1175 3312 Quem
1245 3236 1437 3300 turbo
1508 3235 1665 3299 heul
1746 3235 2003 3300 dudum
2073 3235 2311 3316 premit
2379 3233 2699 3316 horridus,

1211 3355 1473 3419 horrida
1500 3354 1758 3418 dudum

965 3475 1303 3538 Fluctibus
1333 3473 1402 3536 in
1431 3473 1666 3538 mediis
1695 3480 2020 3536 commota
2048 3471 2326 3555 procella
2354 3470 2598 3554 fatigat.

765 3638 808 3689 ι)
825 3636 1033 3690 Iosepho
1059 3637 1199 3681 Peecl
1226 3636 1380 3687 oud..
1400 3636 1505 3680 vita
1521 3636 1694 3679 functo
1720 3644 1790 3679 η.
1805 3635 1879 3679 Id.
1894 3635 2006 3678 Feb,
2027 3642 2386 3686 xnoocnxxxx.
2401 3633 2711 3687 supplicatio-

709 3720 854 3763 nibus
869 3721 1109 3773 uncrinus
1135 3720 1414 3773 pei-nutum
1429 3723 1502 3765 est
1529 3723 1669 3765 tanto
1685 3730 1902 3771 numere.
1922 3723 1979 3763 ut
1999 3720 2294 3773 sperandum
2319 3720 2380 3763 de
2408 3729 2468 3763 eo
2494 3729 2595 3763 non
2620 3718 2709 3762 im·

708 3805 882 3849 merito
899 3805 1134 3855 videatur.
1154 3805 1279 3857 ignis
1295 3805 1394 3848 iam
1407 3816 1565 3859 poena
1580 3805 1841 3850 liberatum
1856 3805 1919 3849 sd
1936 3804 2277 3859 sempiternam
2288 3805 2343 3847 in
2359 3804 2508 3848 caelis
2523 3813 2707 3857 pacem.

709 3888 799 3933 Dei
815 3888 1127 3942 benignitate,
1145 3888 1610 3933 nolanae-mne
1627 3893 1875 3943 sumptum
1892 3889 2122 3934 carminis
2137 3893 2489 3941 argumentum.

1657 3977 1756 4030 168
