3117 4642
1543 411 1895 466 GARMJNA

978 950 1082 1016 IN
1130 949 1523 1016 MARIAM
1576 947 1930 1015 ELISAM
1978 945 2474 1014 BERNEZZO

1601 1133 1839 1173 vmvffl

1197 1288 1434 1332 canon
1477 1286 1915 1331 conns-mmm
1958 1285 2213 1329 comrs
2231 1268 2249 1299 ¹

728 1404 1173 1505 Gomcffls
1203 1437 1475 1500 extincti
1505 1435 1753 1500 crudeli
1781 1435 2023 1514 funere,
2062 1435 2260 1514 Elisa,

807 1556 1113 1619 Vidimus
1143 1555 1210 1617 in
1242 1554 1487 1617 somnis
1516 1559 1581 1615 te
1609 1553 1951 1616 immotam
1983 1552 2235 1616 adstare
2263 1551 2577 1632 sepnicm,

809 1673 894 1736 Et
922 1673 1106 1736 siccis
1135 1671 1339 1735 oculis
1367 1691 1656 1752 premere
1685 1671 1891 1734 altum
1924 1670 2113 1733 corde
2143 1669 2457 1732 dolorem:

809 1791 986 1864 Quin
1017 1792 1210 1854 etiam
1243 1788 1571 1871 cupidam,
1610 1795 1805 1870 atque
1845 1795 2051 1851 erecta
2077 1787 2286 1851 fronte
2314 1786 2637 1867 decoram,

810 1911 957 1983 Quo
987 1929 1188 1987 mens,
1228 1913 1292 1971 et
1321 1908 1551 1971 veteris
1580 1927 1712 1988 quo
1742 1907 1841 1970 vis
1871 1906 2138 1987 urgebat
2166 1906 2422 1986 amoris,

811 2028 1116 2091 Vidimus
1144 2028 1379 2091 obtutu
1409 2028 1605 2091 tacito
1634 2034 1697 2090 te
1725 2047 2028 2109 quaerere
2056 2026 2326 2090 caelum.

812 2146 999 2208 Vnde
1028 2146 1147 2208 tibi
1177 2146 1335 2209 haec
1365 2145 1622 2210 virtus?
1663 2145 1840 2209 unde
1868 2146 2026 2208 haec
2055 2144 2415 2208 constantia
2444 2143 2707 2206 menti?

811 2264 1067 2327 Scilicet
1095 2263 1268 2326 alma
1298 2263 1475 2342 fides,
1514 2269 1809 2326 aeternae
1848 2264 2025 2344 pacis
2055 2267 2119 2325 et
2146 2281 2392 2343 auspex

812 2382 972 2462 Spes
1004 2381 1172 2443 bona
1201 2387 1354 2443 nata
1384 2381 1539 2459 Dec,
1578 2387 1642 2443 te
1672 2381 1861 2443 firmo
1891 2381 2116 2444 robore
2142 2384 2471 2462 praestant

815 2499 1156 2578 Invictum,
1197 2499 1575 2580 tristemque
1602 2499 1833 2562 iubent
1861 2518 2260 2580 compescere
2288 2497 2559 2560 luctum.

815 2617 962 2679 Lux
991 2623 1060 2680 at
1088 2617 1284 2696 Elisa,
1315 2616 1557 2696 viden’‚
1590 2617 1814 2680 rutilat
1837 2637 2024 2695 nova,
2056 2623 2120 2680 et
2140 2616 2397 2679 aethera
2418 2614 2703 2696 complet
2711 2636 2728 2693 3

815 2737 1028 2798 Aurea
1058 2735 1300 2816 templa
1331 2735 1466 2816 poli
1494 2735 1776 2798 tremulo
1804 2734 2051 2815 fulgore
2080 2740 2433 2797 coruscant.

815 2854 1120 2935 Coniugis
1151 2854 1479 2936 extemplo
1509 2865 1658 2917 ante
1688 2854 1910 2918 oculos
1940 2875 2018 2917 en
2049 2853 2260 2917 dulcis
2288 2853 2502 2934 imago

817 2975 1143 3053 Apparere
1171 2978 1335 3051 tuos,
1373 2973 1720 3054 medioque
1749 2994 1784 3035 e
1812 2972 2062 3035 lumine
2090 2972 2230 3036 visa

815 3092 1137 3171 Annuere‚
1175 3097 1568 3172 aspectuque
1597 3092 1717 3154 tibi
1749 3090 2040 3155 adridere
2066 3110 2306 3154 sereno,

817 3210 1092 3273 Laetitia
1121 3211 1401 3274 exultas:
1445 3211 1709 3274 incenso
1739 3210 1929 3274 corde
1957 3230 2335 3292 supremum

819 3328 996 3391 Dicis
1025 3347 1166 3409 ave3
1211 3335 1542 3392 aeternum
1575 3335 1755 3409 grata
1782 3348 1967 3411 prece
1996 3329 2257 3392 Numen
2287 3327 2531 3392 adoras.

788 3545 827 3590 ι)
862 3543 910 3585 Is
936 3543 1030 3585 suit
1054 3543 1251 3586 Ioannis
1276 3543 1434 3587 caroli
1458 3543 1602 3595 nllus,
1630 3553 1658 3586 e
1684 3543 1887 3596 pau-icis
1922 3543 2258 3586 Perusinorum
2285 3543 2554 3594 nobilitate,
2584 3543 2735 3587 Leoni

735 3611 854 3654 XIII
881 3611 1096 3663 apprime
1114 3621 1267 3661 carum
1294 3622 1439 3665 quem
1456 3615 1616 3654 aetate
1641 3622 1742 3655 non
1770 3612 1933 3654 minus
1949 3622 2097 3665 quarn
2112 3612 2311 3662 ingenio
2336 3611 2609 3662 litterisque
2626 3612 2735 3655 flor·

733 3681 894 3721 entem
913 3678 1172 3721 immatura
1188 3687 1318 3721 mom
1335 3680 1611 3732 praeripuit.

1682 4031 1781 4082 170
