3117 4642
1537 419 1893 475 GARMLNA

792 648 900 713 Sic
927 647 1230 731 graphice
1257 646 1472 730 pingis
1501 646 1725 711 divina
1755 645 2027 709 rhetoris
2056 650 2209 726 arte,

919 765 1047 830 Illo
1075 771 1152 831 ut
1178 766 1264 832 sit
1290 765 1548 848 praesul
1578 764 1801 829 nullus
1829 763 2196 844 amabilior;

793 980 1084 1044 Plurima
1110 980 1302 1043 turba
1328 980 1542 1044 virum
1575 978 1815 1062 pendet
1843 978 2115 1042 dicentis
2143 977 2228 1041 ab
2256 997 2383 1059 ore,

919 1098 1004 1162 Et
1031 1096 1272 1180 cupida
1300 1096 1540 1180 eloquii
1571 1097 1707 1162 vim
1738 1095 1908 1160 bibit
1935 1114 2090 1159 aure
2117 1095 2235 1158 tui.

795 1312 945 1394 Ipse
972 1311 1086 1375 sed
1114 1312 1185 1375 in
1214 1311 1445 1394 primis
1475 1311 1716 1375 blanda
1746 1309 2090 1376 dulcedine
2122 1315 2367 1392 tangor,

919 1429 1322 1513 Laetitiaque
1351 1429 1547 1494 silens
1578 1430 1820 1511 efferor,
1858 1449 2064 1511 usque
2098 1448 2365 1508 memor,

790 1648 882 1712 Te
909 1666 1188 1730 puerum
1217 1646 1452 1712 fovisse
1480 1648 1649 1728 sinu,
1689 1648 1987 1729 vitaeque
2023 1647 2292 1710 recentis

914 1766 1184 1831 Afflaret
1211 1787 1421 1832 roseas
1450 1788 1600 1832 cum
1632 1767 1793 1832 levis
1821 1787 1979 1831 aura
2004 1787 2216 1850 genae,

791 1979 1300 2064 Fulgidulosque
1327 1981 1565 2046 micare
1594 1981 1815 2047 oculos
1844 1981 2235 2063 vultumque
2262 1980 2587 2062 decorum,

914 2100 1332 2184 Membraque
1359 2101 1793 2184 conspicerem
1823 2101 2039 2166 nescia
2065 2107 2231 2166 stare
2258 2100 2419 2183 loco,

787 2315 1135 2381 Clamasse:
1181 2316 1304 2381 eia!
1349 2315 1659 2398 adolesce‚
1697 2336 1876 2399 puer,
1914 2314 2210 2380 felicibus
2239 2316 2413 2379 ausis

912 2435 967 2516 Ι,
1005 2454 1136 2516 quo
1165 2435 1386 2499 vivida
1414 2442 1478 2500 te
1506 2456 1690 2500 mens
1720 2436 2107 2518 animusque
2134 2436 2322 2518 rapit·

786 2647 1068 2731 Delapsa
1095 2669 1130 2713 e
1159 2649 1333 2713 caelo
1363 2649 1484 2713 tibi
1515 2650 1716 2714 Pieris
1745 2669 1879 2714 una
1906 2651 2214 2715 Sororum

909 2765 1185 2831 Frondis
1213 2766 1574 2848 apollineae
1602 2767 1816 2849 cingat
1843 2767 2087 2831 honore
2114 2772 2336 2849 caput:

781 2979 871 3043 Te
899 2978 1094 3046 verbo
1123 2979 1403 3044 Suadela
1430 2987 1679 3063 potens,
1717 2986 1781 3045 te
1808 2980 2105 3046 abstrusa
2138 2982 2450 3047 Mathesis

906 3098 1234 3163 Cultorem
1263 3099 1502 3164 iactent
1529 3100 1756 3166 invida
1783 3121 2076 3185 quaeque
2104 3121 2317 3166 suum.

780 3324 950 3405 Post,
989 3323 1106 3388 ubi
1137 3330 1474 3389 vernantes
1504 3326 1819 3390 maturior
1847 3326 2046 3408 egeris
2073 3345 2296 3407 annos,

903 3441 1101 3505 Pleno
1130 3442 1373 3507 haustu
1400 3443 1683 3525 Sophiae
1712 3465 1889 3508 sacra
1917 3444 2165 3509 fluenta
2194 3443 2378 3508 bibas
2386 3465 2402 3524 ;

776 3657 923 3732 Qua
952 3655 1132 3738 duce,
1170 3656 1336 3721 dura
1362 3657 1518 3739 pati,
1556 3657 1775 3722 moliri
1803 3658 1995 3724 fortia
2023 3659 2248 3741 discite,

900 3775 1185 3857 Tangere
1215 3781 1281 3839 et
1309 3776 1560 3841 excelso
1590 3778 1824 3843 vertice
1851 3798 2113 3843 summa
2140 3777 2294 3861 poli.

1657 3896 1723 3946 54
